@Misc{digital_trends,
	author = {Pew Research Center},
	title = {{Digital News — Audience: Fact Sheet | Pew Research Center}},
	howpublished = {\url{http://www.journalism.org/2015/04/29/digital-news-audience-fact-sheet/}},
	year = {2015},
	note = {Accessed: 13 August 2016}
}
@Misc{news_facts,
	author = {National Readership Survey},
	title = {{Total Market | National Readership Survey}},
	howpublished = {\url{http://www.nrs.co.uk/latest-results/facts-and-figures/market-total/}},
	year = {2016},
	note = {Accessed: 13 August 2016}
}
@Misc{googlenews,
	author = {Google},
	title = {{Google News and Weather}},
	howpublished = {\url{https://play.google.com/store/apps/details?id=com.google.android.apps.genie.geniewidget&hl=en_GB}},
	year = {2016},
	note = {Accessed: 24 August 2016}
}
@Misc{timeline_techcrunch,
	author = {Anthony Ha},
	title = {{Timeline Launches News App To Give You The Context Behind The Day’s Headlines}},
	howpublished = {\url{https://techcrunch.com/2015/01/15/timeline-launches-news-app-to-give-you-the-context-behind-the-days-headlines/}},
	month = {January},
	year = {2015},
	note = {Accessed: 24 August 2016}
}
@Misc{javascript_info,
	author = {Mozilla Developer Network},
	title = {{About JavaScript}},
	howpublished = {\url{https://developer.mozilla.org/en-US/docs/Web/JavaScript/About_JavaScript}},
	year = {2015},
	month = {October},
	note = {Accessed: 15 August 2016}
}
@book{torres,
	author={Juan-Manuel Torres-Moreno},
	year={2014},
	title={Automatic Text Summarization},
	publisher={Wiley},
	address={Somerset},
	edition={1},
	pages={376},
	note={ID: 1800890},
	isbn={9781119044147},
	language={English}
}
@Misc{node_js,
	author = {Node.js Foundation},
	title = {{About Node.js}},
	howpublished = {\url{https://nodejs.org/en/about/}},
	year = {2016},
	note = {Accessed: 16 August 2016}
}
@Misc{npm_about,
	author = {npm, Inc.},
	title = {{What is npm?}},
	howpublished = {\url{https://docs.npmjs.com/getting-started/what-is-npm}},
	year = {2016},
	month = {July},
	note = {Accessed: 16 August 2016}
}
@Misc{express_js,
	author = {StrongLoop, IBM, and other expressjs.com contributors},
	title = {{Express - Node.js web application framework}},
	howpublished = {\url{https://expressjs.com/}},
	year = {2016},
	note = {Accessed: 16 August 2016}
}
@Misc{cheerio,
	author = {Matt Mueller},
	title = {{Cheerio}},
	howpublished = {\url{https://cheerio.js.org/}},
	year = {2016},
	note = {Accessed: 16 August 2016}
}
@Misc{natural_node,
	author = {Chris Umbel},
	title = {{natural}},
	howpublished = {\url{https://www.npmjs.com/package/natural}},
	year = {2016},
	note = {Accessed: 16 August 2016}
}
@Misc{porter-stemmer,
	author = {jedp},
	title = {{Martin Porter's stemmer for node.js}},
	howpublished = {\url{https://github.com/jedp/porter-stemmer}},
	year = {2016},
	note = {Accessed: 16 August 2016}
}
@Misc{nlpcompromise,
	author = {Spencer Kelly},
	title = {{nlp\_compromise}},
	howpublished = {\url{https://www.npmjs.com/package/nlp\_compromise}},
	year = {2016},
	note = {Accessed: 16 August 2016}
}
@Misc{pos-library,
	author = {Percy Wegmann, dariusk},
	title = {{fasttag part of speech tagger javascript implementation}},
	howpublished = {\url{https://www.npmjs.com/package/pos}},
	year = {2016},
	note = {Accessed: 16 August 2016}
}
@Misc{postman,
	author = {Postman},
	title = {{About Us}},
	howpublished = {\url{https://www.getpostman.com/about-us}},
	year = {2016},
	note = {Accessed: 17 August 2016}
}
@Misc{promises,
	author = {Mozilla Developer Network},
	title = {{Promise}},
	howpublished = {\url{https://developer.mozilla.org/en/docs/Web/JavaScript/Reference/Global_Objects/Promise}},
	year = {2016},
	month = {August},
	note = {Accessed: 17 August 2016}
}
@article{RAKE,
	author={Stuart Rose and Dave Engel and Nick Cramer and Wendy Cowley},
	year={2010},
	title={Automatic keyword extraction from individual documents},
	journal={Text Mining},
	pages={1-20}
}
@inproceedings{gupta,
	author={A. Gupta and A. Dixit and A. K. Sharma},
	year={2014},
	title={A novel statistical and linguistic features based technique for keyword extraction},
	booktitle={Information Systems and Computer Networks (ISCON), 2014 International Conference on},
	pages={55-59},
	note={ID: 1}
}
@inproceedings{sushi,
	author={W. Chi and Y. Chen and C. Su and X. Shi},
	year={2014},
	title={Global reoccurrence measure for keyword extraction},
	booktitle={Fuzzy Systems and Knowledge Discovery (FSKD), 2014 11th International Conference on},
	pages={587-592},
	note={ID: 1}
}
@inproceedings{devasena,
	author={C. Lakshmi Devasena and M. Hemalatha},
	year={2012},
	title={Automatic Text categorization and summarization using rule reduction},
	booktitle={Advances in Engineering, Science and Management (ICAESM), 2012 International Conference on},
	pages={594-598},
	note={ID: 1}
}
@inproceedings{hedgetrimmer,
	author={Bonnie Dorr and David Zajic and Richard Schwartz},
	year={2003},
	title={Hedge trimmer: A parse-and-trim approach to headline generation},
	booktitle={Proceedings of the HLT-NAACL 03 on Text summarization workshop-Volume 5},
	publisher={Association for Computational Linguistics},
	pages={1-8}
}
@inproceedings{gong,
	author={Yihong Gong and Xin Liu},
	year={2001},
	title={Generic text summarization using relevance measure and latent semantic analysis},
	booktitle={Proceedings of the 24th annual international ACM SIGIR conference on Research and development in information retrieval},
	publisher={ACM},
	pages={19-25}
}
@inproceedings{zhao,
	author={H. Zhao and FengLing Wang},
	year={2010},
	title={Research into the topic's representation in topic tracking},
	booktitle={Fuzzy Systems and Knowledge Discovery (FSKD), 2010 Seventh International Conference on},
	volume={6},
	pages={2498-2502},
	note={ID: 1}
}