@Misc{w3c_html,
author = {W3C},
title = {{HTML \& CSS}},
howpublished = {\url{https://www.w3.org/standards/webdesign/htmlcss}},
year = {2016},
note = {Accessed: 21 April 2016}
}
@techreport{RFC2616,
  author = {Roy T. Fielding and James Gettys and Jeffrey C. Mogul and Henrik Frystyk Nielsen and Larry Masinter and Paul J. Leach and Tim Berners-Lee},
  title = {Hypertext Transfer Protocol -- HTTP/1.1},
  howpublished = {Internet Requests for Comments},
  type = {RFC},
  number = {2616},
  year = {1999},
  month = {June},
  issn = {2070-1721},
  publisher = {RFC Editor},
  institution = {RFC Editor},
  url = {http://www.rfc-editor.org/rfc/rfc2616.txt},
  note = {\url{http://www.rfc-editor.org/rfc/rfc2616.txt}},
}
@book{practical_jquery,
	author={Ankur Kumar and Mukund Chaudhary},
	year={2015},
	title={Practical jQuery},
	publisher={Apress},
	address={Berkeley, CA},
	pages={305},
	note={ID: 3567642},
	isbn={9781484207871},
	language={English}
}
@book{nlp_java,
	author={Richard M. Reese},
	year={2015},
	title={Natural Language Processing with Java},
	publisher={Packt Publishing},
	address={Olton},
	pages={293},
	note={ID: 2000938},
	isbn={9781784398941},
	language={English}
}
@article{state_of_the_art,
	author={Karen Sparck Jones},
	year={2007},
	month={11},
	title={Automatic summarising: The state of the art},
	journal={Information Processing \& Management},
	volume={43},
	number={6},
	pages={1449-1481},
	keywords={Summarization; Evaluation; Sentence extraction; Abstraction natural language processing},
	isbn={0306-4573}
}
@book{torres,
	author={Juan-Manuel Torres-Moreno},
	year={2014},
	title={Automatic Text Summarization},
	publisher={Wiley},
	address={Somerset},
	edition={1},
	pages={376},
	note={ID: 1800890},
	isbn={9781119044147},
	language={English}
}
@book{alpaydin,
	author={Ethem Alpaydin},
	year={2014},
	title={Introduction to machine learning},
	publisher={MIT press}
}
@book{smola,
author = {Alex Smola and S.V.N. Vishwanathan},
title = {Introduction to Machine Learning},
publisher = {Cambridge University Press},
year = {2008}
}
@inproceedings{nearest_neighbour,
	author={S. Sun and R. Huang},
	year={2010},
	title={An adaptive k-nearest neighbor algorithm},
	booktitle={Fuzzy Systems and Knowledge Discovery (FSKD), 2010 Seventh International Conference on},
	volume={1},
	pages={91-94},
	note={ID: 1}
}
@article{w4f,
	author={Arnaud Sahuguet and Fabien Azavant},
	year={1999},
	title={Wysiwyg web wrapper factory (w4f)}
}
@Misc{jquery,
author = {The jQuery Foundation},
title = {{jQuery}},
howpublished = {\url{http://jquery.com/}},
year = {2016},
note = {Accessed: 22 April 2016}
}
@Misc{jquery_text,
author = {The jQuery Foundation},
title = {{.text() | jQuery API Documentation}},
howpublished = {\url{http://api.jquery.com/text/}},
year = {2016},
note = {Accessed: 23 April 2016}
}
@inproceedings{hedgetrimmer,
	author={Bonnie Dorr and David Zajic and Richard Schwartz},
	year={2003},
	title={Hedge trimmer: A parse-and-trim approach to headline generation},
	booktitle={Proceedings of the HLT-NAACL 03 on Text summarization workshop-Volume 5},
	publisher={Association for Computational Linguistics},
	pages={1-8}
}
@inproceedings{hybrid,
	author={R. C. Wang and N. Stokes and W. Doran and J. Dunnion and J. Carthy},
	year={2005},
	title={A hybrid statistical/linguistic approach to headline generation},
	booktitle={2005 International Conference on Machine Learning and Cybernetics},
	volume={4},
	pages={1971-1975 Vol. 4},
	note={ID: 1},
	isbn={2160-133X}
}
@article{lexical_chains,
	author={Regina Barzilay and Michael Elhadad},
	year={1999},
	title={Using lexical chains for text summarization},
	journal={Advances in automatic text summarization},
	pages={111-121}
}
@article{automatic,
	author={Gerard Salton and Amit Singhal and Mandar Mitra and Chris Buckley},
	year={1997},
	month={3},
	title={Automatic text structuring and summarization},
	journal={Information Processing \& Management},
	volume={33},
	number={2},
	pages={193-207},
	isbn={0306-4573}
}
@inproceedings{multidoc_summ,
	author={Jade Goldstein and Vibhu Mittal and Jaime Carbonell and Mark Kantrowitz},
	year={2000},
	title={Multi-document summarization by sentence extraction},
	booktitle={Proceedings of the 2000 NAACL-ANLPWorkshop on Automatic summarization-Volume 4},
	publisher={Association for Computational Linguistics},
	pages={40-48}
}
@inproceedings{web_recc,
	author={Ryen W. White and Peter Bailey and Liwei Chen},
	year={2009},
	title={Predicting user interests from contextual information},
	booktitle={Proceedings of the 32nd international ACM SIGIR conference on Research and development in information retrieval},
	publisher={ACM},
	pages={363-370}
}
@inproceedings{alipes,
	author={Dwi H. Widyantoro and Thomas R. Ioerger and John Yen},
	year={1999},
	title={An adaptive algorithm for learning changes in user interests},
	booktitle={Proceedings of the eighth international conference on Information and knowledge management},
	publisher={ACM},
	pages={405-412}
}
@article{billsus,
	author={Daniel Billsus and Michael J. Pazzani},
	year={2000},
	title={User modeling for adaptive news access},
	journal={User modeling and user-adapted interaction},
	volume={10},
	number={2-3},
	pages={147-180}
}
@Misc{digital_trends,
author = {Pew Research Center},
title = {{Digital News â€” Audience: Fact Sheet | Pew Research Center}},
howpublished = {\url{http://www.journalism.org/2015/04/29/digital-news-audience-fact-sheet/}},
year = {2015},
note = {Accessed: 24 April 2016}
}
@Misc{state_of_news,
author = {Pew Research Center},
title = {{State of the News Media 2015 | Pew Research Center}},
howpublished = {\url{http://www.journalism.org/2015/04/29/state-of-the-news-media-2015/}},
year = {2015},
note = {Accessed: 24 April 2016}
}